<?xml version="1.0" encoding="UTF-8"?><record xmlns="http://www.loc.gov/MARC21/slim" xmlns:cinclude="http://apache.org/cocoon/include/1.0" xmlns:zs="http://www.loc.gov/zing/srw/">
  <leader>00504nz  a2200133n  4500</leader>
  <controlfield tag="001">nr 97020532 </controlfield>
  <controlfield tag="003">DLC</controlfield>
  <controlfield tag="005">19970606052301.0</controlfield>
  <controlfield tag="008">970605n| acannaab|          |a aaa     c</controlfield>
  <datafield tag="010" ind1=" " ind2=" ">
    <subfield code="a">nr 97020532 </subfield>
  </datafield>
  <datafield tag="040" ind1=" " ind2=" ">
    <subfield code="a">CtY-Mus</subfield>
    <subfield code="c">CtY-Mus</subfield>
  </datafield>
  <datafield tag="100" ind1="1" ind2="0">
    <subfield code="a">Maleingreau, Paul de,</subfield>
    <subfield code="d">1887-1956.</subfield>
    <subfield code="t">Diptyque de la toussaint</subfield>
  </datafield>
  <datafield tag="400" ind1="1" ind2="0">
    <subfield code="a">Maleingreau, Paul de,</subfield>
    <subfield code="d">1887-1956.</subfield>
    <subfield code="t">Diptych for all saints</subfield>
  </datafield>
  <datafield tag="670" ind1=" " ind2=" ">
    <subfield code="a">Maleingreau, P. Diptych for all saints, c1952:</subfield>
    <subfield code="b">t.p. (Diptych for all saints = Diptyque de la toussaint : for organ : op. 103)</subfield>
  </datafield>
</record>